<?xml version="1.0" encoding="UTF-8"?>
<record xmlns="http://www.loc.gov/MARC21/slim">
   <leader>01295cam a2200325 a 4500</leader>
   <controlfield tag="001">2529410</controlfield>
   <controlfield tag="005">19910207000000.0</controlfield>
   <controlfield tag="008">910114s1990    abca     b   s000 0 eng  </controlfield>
   <datafield tag="035" ind1=" " ind2=" ">
      <subfield code="a">ocm23688415</subfield>
   </datafield>
   <datafield tag="040" ind1=" " ind2=" ">
      <subfield code="b">eng</subfield>
   </datafield>
   <datafield tag="043" ind1=" " ind2=" ">
      <subfield code="a">n-cn-ab</subfield>
   </datafield>
   <datafield tag="090" ind1=" " ind2=" ">
      <subfield code="a">HQ 5 C457 1990</subfield>
      <subfield code="b">AEHSD</subfield>
   </datafield>
   <datafield tag="111" ind1="2" ind2=" ">
      <subfield code="a">Lieutenant-Governor's Conference--Celebrating Alberta's Families</subfield>
      <subfield code="d">(1990 :</subfield>
      <subfield code="c">Edmonton, Alta.)</subfield>
   </datafield>
   <datafield tag="240" ind1="0" ind2="0">
      <subfield code="a">Health and families /</subfield>
      <subfield code="c">study paper prepared by Joel Christie for the Lieutenant-Governor's Conference.</subfield>
   </datafield>
   <datafield tag="245" ind1="1" ind2="0">
      <subfield code="a">Health and families 1990</subfield>
      <subfield code="c">study paper prepared by Joel Christie for the Lieutenant-Governor's Conference.</subfield>
   </datafield>
   <datafield tag="260" ind1=" " ind2=" ">
      <subfield code="a">[Edmonton] :</subfield>
      <subfield code="b">Government of Alberta,</subfield>
      <subfield code="c">[1990]</subfield>
   </datafield>
   <datafield tag="300" ind1=" " ind2=" ">
      <subfield code="a">29 p. :</subfield>
      <subfield code="b">ill. ;</subfield>
      <subfield code="c">28 cm.</subfield>
   </datafield>
   <datafield tag="336" ind1=" " ind2=" ">
      <subfield code="a">text</subfield>
      <subfield code="b">txt</subfield>
      <subfield code="2">rdacontent</subfield>
   </datafield>
   <datafield tag="337" ind1=" " ind2=" ">
      <subfield code="a">unmediated</subfield>
      <subfield code="b">n</subfield>
      <subfield code="2">rdamedia</subfield>
   </datafield>
   <datafield tag="338" ind1=" " ind2=" ">
      <subfield code="a">volume</subfield>
      <subfield code="b">nc</subfield>
      <subfield code="2">rdacarrier</subfield>
   </datafield>
   <datafield tag="500" ind1=" " ind2=" ">
      <subfield code="a">"Study paper prepared for the Lieutenant-Governor's Conference--Celebrating Alberta's Families, Edmonton, Alberta, February 19-21, 1990".</subfield>
   </datafield>
   <datafield tag="504" ind1=" " ind2=" ">
      <subfield code="a">Includes bibliographical references: p. 27-29.</subfield>
   </datafield>
   <datafield tag="596" ind1=" " ind2=" ">
      <subfield code="a">2</subfield>
   </datafield>
   <datafield tag="650" ind1=" " ind2="0">
      <subfield code="a">Families</subfield>
      <subfield code="z">Alberta.</subfield>
   </datafield>
   <datafield tag="650" ind1=" " ind2="0">
      <subfield code="a">Public health</subfield>
      <subfield code="z">Alberta.</subfield>
   </datafield>
   <datafield tag="650" ind1=" " ind2="0">
      <subfield code="a">Families</subfield>
      <subfield code="z">Alberta</subfield>
      <subfield code="v">Statistics.</subfield>
   </datafield>
   <datafield tag="650" ind1=" " ind2="0">
      <subfield code="a">Public health</subfield>
      <subfield code="z">Alberta</subfield>
      <subfield code="v">Statistics.</subfield>
   </datafield>
   <datafield tag="700" ind1="1" ind2=" ">
      <subfield code="a">Christie, Joel R.</subfield>
      <subfield code="q">(Joel Ramsey),</subfield>
      <subfield code="d">1947-</subfield>
   </datafield>
   <datafield tag="710" ind1="1" ind2=" ">
      <subfield code="a">Alberta.</subfield>
   </datafield>
   <datafield tag="926" ind1=" " ind2=" ">
      <subfield code="a">AGL_CAP</subfield>
      <subfield code="b">ON_SHELF</subfield>
      <subfield code="c">HQ 5 C457 1990</subfield>
      <subfield code="d">BOOK</subfield>
      <subfield code="f">1</subfield>
   </datafield>
   <datafield tag="926" ind1=" " ind2=" ">
      <subfield code="a">AGL_CAP</subfield>
      <subfield code="b">ARCHIVES</subfield>
      <subfield code="c">HQ 5 C457 1990</subfield>
      <subfield code="d">NO_LOAN</subfield>
      <subfield code="f">2</subfield>
   </datafield>
</record>
